TODO: Figure out a way to display the URL's associated with articles.

@misc{Bonichon2010
  , author        = "Bonichon, Richard and Cuoq, Pascal"
  , title         = {{A Mergeable Interval Map}}
  , year          = 2010
  , howpublished  = "\url{https://rbonichon.github.io/papers/rangemaps-jfla11.pdf}"
}

@article{Erwig1993
  , author  = "Erwig, Martin"
  , journal = "Functional Pearls"
  , pages   = "3--8"
  , title   = "Diets for Fat Sets"
  , volume  = 1
  , year    = 1993
}

@misc{Okasaki1998
  , author        = "Okasaki, Chris and Gill, Andrew"
  , title         = {{Fast Mergeable Integer Maps}}
  , howpublished  = "\url{https://www.usma.edu/eecs/SiteAssets/SitePages/Faculty%20Publication%20Documents/Okasaki/ml98maps.pdf}"
  , year          = 1998
  , month         = 9
  , journal       = "Workshops on ML"
}

@manual{ocaml-manual
  , title   = {The {Objective} {Caml} system, documentation and user's manual -- release 4.01}
  , author  = {Xavier Leroy and Damien Doligez and Jacques Garrigue and Didier Rémy and Jérôme Vouillon}
  , organization = {INRIA}
  , year    = 2013
  , url     = "\url{http://caml.inria.fr/pub/docs/manual-ocaml/}"
}
